<?xml version="1.0" encoding="UTF-8"?><collection xmlns="http://www.loc.gov/MARC21/slim"><record><leader>00420nam--2200133-i-4500</leader><controlfield tag="001">000047786</controlfield><controlfield tag="002">20161230</controlfield><controlfield tag="005">20161230201046</controlfield><controlfield tag="008">060222s1000------------r-----000-0-eng-d</controlfield><datafield ind1=" " ind2=" " tag="100"><subfield code="a">Yip, Sidney And Osborn, Richard</subfield></datafield><datafield ind1=" " ind2=" " tag="245"><subfield code="a">The foundations of neutron transport theory</subfield></datafield><datafield ind1=" " ind2=" " tag="260"><subfield code="a">New York, Gordon And Breach Sci.Publ.Inc., 1966, Xii+126p</subfield></datafield><datafield ind1=" " ind2=" " tag="490"><subfield code="a">Monograph Series On Nuclear Science And Technology</subfield></datafield><datafield ind1=" " ind2=" " tag="852"><subfield code="a">28679</subfield></datafield></record></collection>